<record><leader>00000cas a2200000 a 4500</leader><controlfield tag="001">32531039</controlfield><controlfield tag="006">m     o  d        </controlfield><controlfield tag="007">cr gn|||||||||</controlfield><controlfield tag="008">950524c19959999nbucn neo     0    0eng d</controlfield><datafield ind1=" " ind2=" " tag="010"><subfield code="a">sn 95069562 </subfield></datafield><datafield ind1=" " ind2=" " tag="040"><subfield code="a">NVG</subfield><subfield code="b">eng</subfield><subfield code="c">NVG</subfield><subfield code="d">OCL</subfield><subfield code="d">NVG</subfield><subfield code="d">OCL</subfield><subfield code="d">OCLCQ</subfield><subfield code="d">OCLCO</subfield><subfield code="d">OCLCQ</subfield></datafield><datafield ind1=" " ind2=" " tag="042"><subfield code="a">msc</subfield></datafield><datafield ind1=" " ind2=" " tag="043"><subfield code="a">n-us-nb</subfield></datafield><datafield ind1=" " ind2="4" tag="050"><subfield code="a">LH1.N3</subfield></datafield><datafield ind1=" " ind2=" " tag="086"><subfield code="a">U3300 N001</subfield><subfield code="2">nbdocs</subfield></datafield><datafield ind1="0" ind2=" " tag="130"><subfield code="a">Journalist (Lincoln, Neb. : Online)</subfield></datafield><datafield ind1="1" ind2="4" tag="245"><subfield code="a">The journalist.</subfield></datafield><datafield ind1=" " ind2=" " tag="260"><subfield code="a">[Lincoln, Neb.] :</subfield><subfield code="b">University of Nebraska-Lincoln College of Journalism and Mass Communication,</subfield><subfield code="c">1995-</subfield></datafield><datafield ind1=" " ind2=" " tag="310"><subfield code="a">Semiweekly (during academic year)</subfield></datafield><datafield ind1=" " ind2=" " tag="336"><subfield code="a">text</subfield><subfield code="b">txt</subfield><subfield code="2">rdacontent</subfield></datafield><datafield ind1=" " ind2=" " tag="337"><subfield code="a">computer</subfield><subfield code="b">c</subfield><subfield code="2">rdamedia</subfield></datafield><datafield ind1=" " ind2=" " tag="338"><subfield code="a">online resource</subfield><subfield code="b">cr</subfield><subfield code="2">rdacarrier</subfield></datafield><datafield ind1="0" ind2=" " tag="362"><subfield code="a">Apr. 5, 1995-</subfield></datafield><datafield ind1=" " ind2=" " tag="515"><subfield code="a">Issued in two 8-week periods per academic year, Oct.-Dec. and Mar.-Apr./May.</subfield></datafield><datafield ind1=" " ind2=" " tag="530"><subfield code="a">Print ed.: Journalist (Lincoln, Neb.).</subfield></datafield><datafield ind1=" " ind2=" " tag="538"><subfield code="a">Mode of access: World Wide Web.</subfield></datafield><datafield ind1=" " ind2=" " tag="588"><subfield code="a">Description based on hypertext version as viewed over the World Wide Web; title from Journalist home page.</subfield></datafield><datafield ind1="2" ind2=" " tag="710"><subfield code="a">University of Nebraska--Lincoln.</subfield><subfield code="b">College of Journalism and Mass Communications.</subfield></datafield><datafield ind1=" " ind2=" " tag="752"><subfield code="a">United States</subfield><subfield code="b">Nebraska</subfield><subfield code="c">Lancaster</subfield><subfield code="d">Lincoln.</subfield></datafield><datafield ind1="1" ind2=" " tag="776"><subfield code="t">Journalist (Lincoln, Neb.)</subfield><subfield code="w">(DLC)sn 95069561</subfield><subfield code="w">(OCoLC)32531857</subfield></datafield><datafield ind1="4" ind2=" " tag="856"><subfield code="u">http://jet.unl.edu/EJournalist/ejournalist.html</subfield></datafield><datafield ind1="1" ind2=" " tag="029"><subfield code="a">AU@</subfield><subfield code="b">000011738001</subfield></datafield></record>